<?xml version="1.0" encoding="UTF-8"?><collection xmlns="http://www.loc.gov/MARC21/slim"><record><leader>00339nam--2200121-i-4500</leader><controlfield tag="001">000042478</controlfield><controlfield tag="002">20161230</controlfield><controlfield tag="005">20161230201043</controlfield><controlfield tag="008">060222s1000------------r-----000-0-eng-d</controlfield><datafield ind1=" " ind2=" " tag="080"><subfield code="a">621.375.826:681.7(061)</subfield></datafield><datafield ind1=" " ind2=" " tag="245"><subfield code="a">Spie 1985 directory for membres</subfield></datafield><datafield ind1=" " ind2=" " tag="260"><subfield code="a">Washington, The Int.Society For Optical Engineering, 1985. 104 P</subfield></datafield><datafield ind1=" " ind2=" " tag="852"><subfield code="a">72628</subfield></datafield></record></collection>